LDR  00787cam  2200241   45  
005  19890525000000.0
008  720612s1972    nyua     b   00110 eng  
010       $a 75189513
020       $a 0442260474
035       $a (CaOTULAS)112445636
035       $a (OCoLC)341048
040       $a DLC $c DLC $d m.c. $d CUS
050  0    $a VK541 $b .K73 1972
090       $a VK541 $b .K743 1972
100  10   $a Knight, Austin Melvin, $d 1854-1927
245  10   $a Modern seamanship. $c Rev. by John V. Noel, Jr. Assisted by Frederick C. Dyer [and] William J. Miller
250       $a 15th ed
260  0    $a New York, $b Van Nostrand Reinhold $c [1972]
300       $a xi, 684 p. $b illus. $c 23 cm
500       $a UCSD MONO: NO 920 FLD, NO 852 CREATED. REJECT (12/05)
650   0   $a Seamanship
700  10   $a Noel, John Vavasour, $d 1912-
901       $a SDB $b 1374061

Record 3
