LDR  00936nas  2200253 a 45  
005  20011221000000.0
008  991114s1999    mx       b    000 0 spa  
010       $a 00315357
020       $a 9683679994
035       $a (OCoLC)45620810
040       $a DLC $c DLC
043       $a n-mx---
050  00   $a HC135 $b .R3254 1999
245  04   $a Las regiones en la historia econâomica mexicana, siglo XIX / $c Marâia Eugenia Romero Ibarra, coordinadora
250       $a 1. ed
260       $a Mâexico : $b Facultad de Economâia, $c 1999
300       $a p. ; $c 23 cm
310       $a Semimonthly
500       $a UCSD PE: HAS 920, BUT NO 850 FLD, NO 852 CREATED; REJECT (12/05).
650   0   $a Mexican states $x Economic conditions $y 19th century $v Case studies
651   0   $a Mexico $x Economic conditions $y 19th century $v Case studies
700  1    $a Romero I., Marâia Eugenia $q (Romero Ibarra)
710  2    $a Universidad Nacional Autâonoma de Mâexico. $b Facultad de Economâia
901       $a SDB $b 43191836

Record 5
