LDR  01761nam  2200325Ia 45  
001  48664877
008  011226s1972    cau          s000 0 eng d
040       $a CUS $c CUS
099       $a SIO $a 1 $a CA2914 $a v.72 $a no.14
100  1    $a Thomas, William H. $q (William Hewitt), $d 1926-
245  10   $a Progress report. $n No. 5 : $b to Southern California Coastal Water Research Project : nutrients, chlorophyll, and phytoplankton productivity near Southern California sewage outfalls / $c William H. Thomas
246  3    $a Nutrients, chlorophyll, and phytoplankton productivity near Southern California sewage outfalls
260       $a [La Jolla, Calif.? : $b University of California, Institute of Marine Resources, $c 1972?]
300       $a 4, [2] leaves ; $c 28 cm
440   0   $a IMR reference ; $v no. 72-14
500       $a UCSD: NO 901 FLD, SOURCE CAN'T BE DETERMINED - REJECT (06/02).
500       $a "This report summarizes cruise activities, water analyses, phytoplankton enrichment experiments and bioassays made during the period January-March 1972 under the auspices of the Southern California Coastal Water Research Project in support of phytoplankton studies. A major cruise occurred during this period ... An enrichment experiment and bioassays of sea water collected on this cruise have been completed"--Leaf 2
505  0    $a Cruise activities -- Enrichment experiment -- Bioassays
650   0   $a Phytoplankton $x Growth
650   0   $a Nitrogen
650   0   $a Zooplankton
650   0   $a Oceanography $x Research
650   0   $a Tuna
710  2    $a Southern California Coastal Water Research Project
710  2    $a University of California (System). $b Institute of Marine Resources
902       $a 011226
993       $a .b43193602
994       $a sio
994       $a E0 $b CUS
999       $b 1 $c 011226 $d m $e s $f - $g 0

Record 6
