LDR  01450nas  2200445   45  
001  6272568
007  cr un-
008  800502c19809999nyubx1p       0   a0eng d
010       $a 80648846 //r83 $z sn 80000879
012       $a 2 $b 3 $k 1 $l 1 $m 1
022  0    $a 0198-8859
030       $a HUIMDQ
032       $a 702390 $b USPS
040       $a NSD $c NSD $d DLC $d m.c. $d DLC $d NSD $d DLC $d OCL $d NST $d OCL $d NST $d SER $d RCS $d NSD $d DLC $d NSD $d AIP $d NST $d AIP $d NST
042       $a nsdp $a lc
050  00   $a QR180 $b .H85
060  0    $a W1 HU448H
069  1    $a H22270000
096       $a W1 HU662
098       $n ov=.b1560839
210  0    $a Hum. immunol
222   0   $a Human immunology
245  00   $a Human immunology
260       $a [New York, N.Y.] $b Elsevier/North-Holland
265       $a Subscription Dept., Elsevier/North-Holland, 52 Vanderbilt Ave., New York, NY 10017
300       $a v. $b ill. $c 26 cm
310       $a 8 no. a year, $b 1981-
321       $a Four no. a year
362  0    $a v. 1-   July 1980-
500       $a UCSD: 901 $a DOES NOT HAVE RECORD ID NUMBER - REJECT (06/02).
650   2   $a Allergy and Immunology $v periodicals
710  20   $a American Association for Clinical Histocompatibility Testing
850       $a a $c nnet $f Electronic journal $g 42- (1995- )
856  41   $3 v.42(1995)- $z Restricted to UC campuses $u http://uclibs.org/PID/2421
901       $a UCSD $b multi $c -
902       $a 020524
910       $a tsw 5/13/92
993       $a 23162831
994       $a bml $a net
999       $b 2 $c 920513 $d s $e   $f - $g 0

Record 8
