LDR  00971nms  2200253   45  
005  20020521000000.0
008  790807d19uu1987no uu m       0    0nor d
022       $a 0525-4760
035       $a (OCoLC)5248603
040       $a YUS $c YUS $d AIP $d CUS
090       $a GC1 $b .B47
098       $n ov=.b1688467
110  2    $a Universitetet i Bergen. $b Geofysisk institutt
245  10   $a Report Geofysisk Institutt. $n Division A, $p Physical oceanography
246  30   $a Physical oceanography
246  30   $a Oceanography
246  30   $a Geophysical Institute oceanography
260       $a Bergen : $b University of Norway, Geophysical Institute,
300       $a v. : $b ill., diagrs., maps ; $c 30 cm
500       $a UCSD: TYPE = 'm', BIBLVL = "s", MRDF RECORD, PROCESS AS SERIALS - HAS NO 850, HAS 920, CANNOT CREATE 852, REJECT (12/05).
510  2    $a Life sciences collection
650   0   $a Oceanography $v Periodicals
785  00   $a tReport (Universitetet i Bergen. Geofysisk Institutt. Oceanography)
901       $a SDB $b 23290468

